<record><leader>00000cas a22000007a 4500</leader><controlfield tag="001">15390161</controlfield><controlfield tag="008">870328d19241945aluwr ne      0    0eng d</controlfield><datafield ind1=" " ind2=" " tag="010"><subfield code="a">sn 87050100 </subfield></datafield><datafield ind1=" " ind2=" " tag="040"><subfield code="a">AAR</subfield><subfield code="b">eng</subfield><subfield code="c">AAR</subfield><subfield code="d">CPN</subfield><subfield code="d">OCLCQ</subfield></datafield><datafield ind1=" " ind2=" " tag="042"><subfield code="a">msc</subfield></datafield><datafield ind1="0" ind2=" " tag="130"><subfield code="a">Advertiser-journal (Haleyville, Ala.)</subfield></datafield><datafield ind1="1" ind2="4" tag="245"><subfield code="a">The Advertiser-journal.</subfield></datafield><datafield ind1="3" ind2="0" tag="246"><subfield code="a">Haleyville advertiser-journal</subfield></datafield><datafield ind1=" " ind2=" " tag="260"><subfield code="a">Haleyville, Ala. :</subfield><subfield code="b">E.P. Lakeman,</subfield><subfield code="c">1924-1945.</subfield></datafield><datafield ind1=" " ind2=" " tag="300"><subfield code="a">v.</subfield></datafield><datafield ind1=" " ind2=" " tag="310"><subfield code="a">Weekly</subfield></datafield><datafield ind1="0" ind2=" " tag="362"><subfield code="a">Vol. 13, no. 46 (Nov. 13, 1924)-Apr. 19, 1945.</subfield></datafield><datafield ind1=" " ind2=" " tag="500"><subfield code="a">Published as: Haleyville advertiser-journal, Jan. 4-Apr. 19, 1945.</subfield></datafield><datafield ind1=" " ind2=" " tag="515"><subfield code="a">Numbering is irregular.</subfield></datafield><datafield ind1=" " ind2=" " tag="752"><subfield code="a">United States</subfield><subfield code="b">Alabama</subfield><subfield code="c">Winston</subfield><subfield code="d">Haleyville.</subfield></datafield><datafield ind1="0" ind2="4" tag="780"><subfield code="t">Haleyville journal</subfield><subfield code="w">(DLC)sn 87050099</subfield></datafield><datafield ind1="0" ind2="4" tag="780"><subfield code="t">Haleyville advertisr (Haleyville, Ala.)</subfield><subfield code="w">(DLC)sn 87050308</subfield></datafield><datafield ind1="0" ind2="6" tag="785"><subfield code="t">Haleyville journal (Haleyville, Ala.)</subfield><subfield code="w">(DLC)sn 87050101</subfield></datafield><datafield ind1="0" ind2="6" tag="785"><subfield code="t">Haleyville advertiser</subfield><subfield code="w">(DLC)sn 87050102</subfield></datafield></record>